<?xml version="1.0" encoding="UTF-8" standalone="no" ?>
<Document xmlns="urn:iso:std:iso:20022:tech:xsd:pacs.008.001.13">
    <FIToFICstmrCdtTrf>
        <GrpHdr>
            <MsgId>2020070100000001</MsgId>
            <CreDtTm>2020-07-01T09:25:00.000+08:00</CreDtTm>
            <NbOfTxs>2</NbOfTxs>
            <TtlIntrBkSttlmAmt Ccy="CNY">1183270.60</TtlIntrBkSttlmAmt>
            <SttlmInf>
                <SttlmMtd>CLRG</SttlmMtd>
            </SttlmInf>
        </GrpHdr>
        <CdtTrfTxInf>
            <PmtId>
                <InstrId>2020070100000001</InstrId>
                <EndToEndId>pacs008EndToEndId-001</EndToEndId>
                <TxId>2020070100000001</TxId>
                <UETR>7a562c67-ca16-48ba-b074-65581be6f001</UETR>
                <ClrSysRef>C0210db486e0e54475081987af48bda8951</ClrSysRef>
            </PmtId>
            <PmtTpInf>
                <SvcLvl>
                    <Cd>LVL2</Cd>
                </SvcLvl>
                <CtgyPurp>
                    <Prtry>GODX</Prtry>
                </CtgyPurp>
            </PmtTpInf>
            <IntrBkSttlmAmt Ccy="CNY">591635.30</IntrBkSttlmAmt>
            <IntrBkSttlmDt>2020-10-20</IntrBkSttlmDt>
            <SttlmPrty>NORM</SttlmPrty>
            <InstdAmt Ccy="CNY">591636.30</InstdAmt>
            <ChrgBr>DEBT</ChrgBr>
            <ChrgsInf>
                <Amt Ccy="CNY">1.00</Amt>
                <Agt>
                    <FinInstnId>
                        <BICFI>MYMBGB5LXXX</BICFI>
                        <ClrSysMmbId>
                            <ClrSysId>
                                <Cd>CNCIP</Cd>
                            </ClrSysId>
                            <MmbId>GB000000005</MmbId>
                        </ClrSysMmbId>
                        <LEI>5493002CHU7EB2FBNI05</LEI>
                        <Nm>付款人开户行</Nm>
                        <PstlAdr>
                            <Dept>Dept5</Dept>
                            <SubDept>SubDept5</SubDept>
                            <StrtNm>Street Name5</StrtNm>
                            <BldgNb>No 5</BldgNb>
                            <BldgNm>Bld Name5</BldgNm>
                            <Flr>25F</Flr>
                            <PstBx>Box 5</PstBx>
                            <Room>105</Room>
                            <PstCd>200005</PstCd>
                            <TwnNm>Shanghai</TwnNm>
                            <DstrctNm>地区</DstrctNm>
                            <CtrySubDvsn>上海市</CtrySubDvsn>
                            <Ctry>CN</Ctry>
                            <AdrLine>自由地址</AdrLine>
                        </PstlAdr>
                    </FinInstnId>
                </Agt>
                <Tp>
                    <Cd>BTCH</Cd>
                </Tp>
            </ChrgsInf>
            <PrvsInstgAgt1>
                <FinInstnId>
                    <BICFI>MYMBGB2LXXX</BICFI>
                    <ClrSysMmbId>
                        <ClrSysId>
                            <Cd>CNCIP</Cd>
                        </ClrSysId>
                        <MmbId>GB000000002</MmbId>
                    </ClrSysMmbId>
                    <LEI>5493002CHU7EB2FBNI02</LEI>
                    <Nm>样例名称1</Nm>
                    <PstlAdr>
                        <Dept>Dept1</Dept>
                        <SubDept>SubDept1</SubDept>
                        <StrtNm>Street Name1</StrtNm>
                        <BldgNb>No 1</BldgNb>
                        <BldgNm>Bld Name1</BldgNm>
                        <Flr>20F</Flr>
                        <PstBx>Box 1</PstBx>
                        <Room>101</Room>
                        <PstCd>200000</PstCd>
                        <TwnNm>Shanghai</TwnNm>
                        <DstrctNm>地区</DstrctNm>
                        <CtrySubDvsn>上海市</CtrySubDvsn>
                        <Ctry>CN</Ctry>
                        <AdrLine>自由地址</AdrLine>
                    </PstlAdr>
                </FinInstnId>
            </PrvsInstgAgt1>
            <PrvsInstgAgt1Acct>
                <Id>
                    <Othr>
                        <Id>account1</Id>
                    </Othr>
                </Id>
                <Tp>
                    <Prtry>Pay</Prtry>
                </Tp>
                <Ccy>HKD</Ccy>
                <Nm>前序付款账户</Nm>
                <Prxy>
                    <Tp>
                        <Cd>CINC</Cd>
                    </Tp>
                    <Id>Id1</Id>
                </Prxy>
            </PrvsInstgAgt1Acct>
            <PrvsInstgAgt2>
                <FinInstnId>
                    <BICFI>MYMBGB3LXXX</BICFI>
                    <ClrSysMmbId>
                        <ClrSysId>
                            <Prtry>CNCIP</Prtry>
                        </ClrSysId>
                        <MmbId>GB000000003</MmbId>
                    </ClrSysMmbId>
                    <LEI>5493002CHU7EB2FBNI03</LEI>
                    <Nm>样例名称2</Nm>
                    <PstlAdr>
                        <Dept>Dept2</Dept>
                        <SubDept>SubDept2</SubDept>
                        <StrtNm>Street Name2</StrtNm>
                        <BldgNb>No 2</BldgNb>
                        <BldgNm>Bld Name2</BldgNm>
                        <Flr>21F</Flr>
                        <PstBx>Box 2</PstBx>
                        <Room>102</Room>
                        <PstCd>200001</PstCd>
                        <TwnNm>Shanghai</TwnNm>
                        <DstrctNm>地区</DstrctNm>
                        <CtrySubDvsn>上海市</CtrySubDvsn>
                        <Ctry>CN</Ctry>
                        <AdrLine>自由地址</AdrLine>
                    </PstlAdr>
                </FinInstnId>
            </PrvsInstgAgt2>
            <PrvsInstgAgt2Acct>
                <Id>
                    <Othr>
                        <Id>account2</Id>
                        <SchmeNm>
                            <Cd>BBAN</Cd>
                        </SchmeNm>
                        <Issr>CIPS</Issr>
                    </Othr>
                </Id>
                <Tp>
                    <Prtry>Pay</Prtry>
                </Tp>
                <Ccy>HKD</Ccy>
                <Nm>付款账户</Nm>
                <Prxy>
                    <Tp>
                        <Cd>CINC</Cd>
                    </Tp>
                    <Id>Id2</Id>
                </Prxy>
            </PrvsInstgAgt2Acct>
            <PrvsInstgAgt3>
                <FinInstnId>
                    <BICFI>MYMBGB4LXXX</BICFI>
                    <ClrSysMmbId>
                        <ClrSysId>
                            <Prtry>CNCIP</Prtry>
                        </ClrSysId>
                        <MmbId>GB000000004</MmbId>
                    </ClrSysMmbId>
                    <LEI>5493002CHU7EB2FBNI04</LEI>
                    <Nm>样例名称3</Nm>
                    <PstlAdr>
                        <Dept>Dept3</Dept>
                        <SubDept>SubDept3</SubDept>
                        <StrtNm>Street Name3</StrtNm>
                        <BldgNb>No 3</BldgNb>
                        <BldgNm>Bld Name3</BldgNm>
                        <Flr>21F</Flr>
                        <PstBx>Box 3</PstBx>
                        <Room>103</Room>
                        <PstCd>200002</PstCd>
                        <TwnNm>Shanghai</TwnNm>
                        <DstrctNm>地区</DstrctNm>
                        <CtrySubDvsn>上海市</CtrySubDvsn>
                        <Ctry>CN</Ctry>
                        <AdrLine>自由地址</AdrLine>
                    </PstlAdr>
                    <Othr>
                        <Id>MYMBGB4LXXX</Id>
                        <SchmeNm>
                            <Prtry>CIPSIDP</Prtry>
                        </SchmeNm>
                    </Othr>
                </FinInstnId>
            </PrvsInstgAgt3>
            <PrvsInstgAgt3Acct>
                <Id>
                    <Othr>
                        <Id>account2</Id>
                        <SchmeNm>
                            <Cd>BBAN</Cd>
                        </SchmeNm>
                        <Issr>CIPS</Issr>
                    </Othr>
                </Id>
                <Tp>
                    <Prtry>Pay</Prtry>
                </Tp>
                <Ccy>HKD</Ccy>
                <Nm>付款账户</Nm>
                <Prxy>
                    <Tp>
                        <Prtry>CINC</Prtry>
                    </Tp>
                    <Id>Id2</Id>
                </Prxy>
            </PrvsInstgAgt3Acct>
            <InstgAgt>
                <FinInstnId>
                    <BICFI>MYMBGB5LXXX</BICFI>
                    <ClrSysMmbId>
                        <ClrSysId>
                            <Prtry>CNCIP</Prtry>
                        </ClrSysId>
                        <MmbId>GB000000005</MmbId>
                    </ClrSysMmbId>
                    <LEI>5493002CHU7EB2FBNI05</LEI>
                </FinInstnId>
            </InstgAgt>
            <InstdAgt>
                <FinInstnId>
                    <BICFI>INGBROBUXXX</BICFI>
                    <ClrSysMmbId>
                        <ClrSysId>
                            <Prtry>CNCIP</Prtry>
                        </ClrSysId>
                        <MmbId>CN000000006</MmbId>
                    </ClrSysMmbId>
                    <LEI>5493002CHU7EB2FBNI06</LEI>
                </FinInstnId>
            </InstdAgt>
            <IntrmyAgt1>
                <FinInstnId>
                    <BICFI>RZBRROBUXXX</BICFI>
                    <ClrSysMmbId>
                        <ClrSysId>
                            <Cd>CNCIP</Cd>
                        </ClrSysId>
                        <MmbId>RO000000001</MmbId>
                    </ClrSysMmbId>
                    <LEI>5493002CHU7EB2FBNI01</LEI>
                    <Nm>中介机构1</Nm>
                    <PstlAdr>
                        <Dept>Dept1</Dept>
                        <SubDept>SubDept1</SubDept>
                        <StrtNm>Street Name1</StrtNm>
                        <BldgNb>No 1</BldgNb>
                        <BldgNm>Bld Name1</BldgNm>
                        <Flr>20F</Flr>
                        <PstBx>Box 1</PstBx>
                        <Room>101</Room>
                        <PstCd>200000</PstCd>
                        <TwnNm>Shanghai</TwnNm>
                        <DstrctNm>地区</DstrctNm>
                        <CtrySubDvsn>上海市</CtrySubDvsn>
                        <Ctry>CN</Ctry>
                        <AdrLine>自由地址</AdrLine>
                    </PstlAdr>
                    <Othr>
                        <Id>MYMBGB3LXXX</Id>
                        <SchmeNm>
                            <Prtry>CIPSIDP</Prtry>
                        </SchmeNm>
                    </Othr>
                </FinInstnId>
            </IntrmyAgt1>
            <IntrmyAgt1Acct>
                <Id>
                    <Othr>
                        <Id>account2</Id>
                    </Othr>
                </Id>
                <Tp>
                    <Prtry>Pay</Prtry>
                </Tp>
                <Ccy>CNY</Ccy>
                <Nm>付款账户</Nm>
                <Prxy>
                    <Tp>
                        <Cd>CINC</Cd>
                    </Tp>
                    <Id>Id1</Id>
                </Prxy>
            </IntrmyAgt1Acct>
            <IntrmyAgt2>
                <FinInstnId>
                    <BICFI>RZBRROBUXXX</BICFI>
                    <ClrSysMmbId>
                        <ClrSysId>
                            <Cd>CNCIP</Cd>
                        </ClrSysId>
                        <MmbId>RO000000001</MmbId>
                    </ClrSysMmbId>
                    <LEI>5493002CHU7EB2FBNI12</LEI>
                    <Nm>中介机构2</Nm>
                    <PstlAdr>
                        <Dept>Dept2</Dept>
                        <SubDept>SubDept2</SubDept>
                        <StrtNm>Street Name2</StrtNm>
                        <BldgNb>No 2</BldgNb>
                        <BldgNm>Bld Name2</BldgNm>
                        <Flr>22F</Flr>
                        <PstBx>Box 2</PstBx>
                        <Room>102</Room>
                        <PstCd>200002</PstCd>
                        <TwnNm>Shanghai</TwnNm>
                        <DstrctNm>地区</DstrctNm>
                        <CtrySubDvsn>上海市</CtrySubDvsn>
                        <Ctry>CN</Ctry>
                        <AdrLine>自由地址</AdrLine>
                    </PstlAdr>
                </FinInstnId>
            </IntrmyAgt2>
            <IntrmyAgt2Acct>
                <Id>
                    <Othr>
                        <Id>account3</Id>
                    </Othr>
                </Id>
                <Tp>
                    <Prtry>Pay</Prtry>
                </Tp>
                <Ccy>CNY</Ccy>
                <Nm>付款账户2</Nm>
                <Prxy>
                    <Tp>
                        <Cd>CINC</Cd>
                    </Tp>
                    <Id>Id1</Id>
                </Prxy>
            </IntrmyAgt2Acct>
            <IntrmyAgt3>
                <FinInstnId>
                    <BICFI>RZBRROBUXXX</BICFI>
                    <ClrSysMmbId>
                        <ClrSysId>
                            <Cd>CNCIP</Cd>
                        </ClrSysId>
                        <MmbId>RO000000001</MmbId>
                    </ClrSysMmbId>
                    <LEI>5493002CHU7EB2FBNI01</LEI>
                    <Nm>中介机构名称3</Nm>
                    <PstlAdr>
                        <Dept>Dept3</Dept>
                        <SubDept>SubDept3</SubDept>
                        <StrtNm>Street Name3</StrtNm>
                        <BldgNb>No 3</BldgNb>
                        <BldgNm>Bld Name3</BldgNm>
                        <Flr>23F</Flr>
                        <PstBx>Box 3</PstBx>
                        <Room>103</Room>
                        <PstCd>200003</PstCd>
                        <TwnNm>Shanghai</TwnNm>
                        <DstrctNm>地区</DstrctNm>
                        <CtrySubDvsn>上海市</CtrySubDvsn>
                        <Ctry>CN</Ctry>
                        <AdrLine>自由地址</AdrLine>
                    </PstlAdr>
                </FinInstnId>
            </IntrmyAgt3>
            <IntrmyAgt3Acct>
                <Id>
                    <Othr>
                        <Id>account4</Id>
                    </Othr>
                </Id>
                <Tp>
                    <Prtry>Pay</Prtry>
                </Tp>
                <Ccy>CNY</Ccy>
                <Nm>付款账户</Nm>
                <Prxy>
                    <Tp>
                        <Cd>CINC</Cd>
                    </Tp>
                    <Id>Id1</Id>
                </Prxy>
            </IntrmyAgt3Acct>
            <UltmtDbtr>
                <Nm>付款方</Nm>
                <PstlAdr>
                    <Dept>Dept5</Dept>
                    <SubDept>SubDept5</SubDept>
                    <StrtNm>Street Name5</StrtNm>
                    <BldgNb>No 5</BldgNb>
                    <BldgNm>Bld Name5</BldgNm>
                    <Flr>25F</Flr>
                    <PstBx>Box 5</PstBx>
                    <Room>105</Room>
                    <PstCd>200005</PstCd>
                    <TwnNm>Shanghai</TwnNm>
                    <DstrctNm>地区</DstrctNm>
                    <CtrySubDvsn>上海市</CtrySubDvsn>
                    <Ctry>CN</Ctry>
                    <AdrLine>自由地址</AdrLine>
                </PstlAdr>
                <Id>
                    <OrgId>
                        <AnyBIC>PCBCCNSHXXX</AnyBIC>
                        <LEI>5493002CHU7EB2FBNI16</LEI>
                        <Othr>
                            <Id>CN0000000016</Id>
                            <SchmeNm>
                                <Cd>CHID</Cd>
                            </SchmeNm>
                            <Issr>CNCIP</Issr>
                        </Othr>
                    </OrgId>
                </Id>
                <CtryOfRes>CN</CtryOfRes>
            </UltmtDbtr>
            <InitgPty>
                <Nm>付款方</Nm>
                <PstlAdr>
                    <Dept>Dept5</Dept>
                    <SubDept>SubDept5</SubDept>
                    <StrtNm>Street Name5</StrtNm>
                    <BldgNb>No 5</BldgNb>
                    <BldgNm>Bld Name5</BldgNm>
                    <Flr>25F</Flr>
                    <PstBx>Box 5</PstBx>
                    <Room>105</Room>
                    <PstCd>200005</PstCd>
                    <TwnNm>Shanghai</TwnNm>
                    <DstrctNm>地区</DstrctNm>
                    <CtrySubDvsn>上海市</CtrySubDvsn>
                    <Ctry>CN</Ctry>
                    <AdrLine>自由地址</AdrLine>
                </PstlAdr>
                <Id>
                    <OrgId>
                        <AnyBIC>PCBCCNSHXXX</AnyBIC>
                        <LEI>5493002CHU7EB2FBNI16</LEI>
                        <Othr>
                            <Id>CN0000000016</Id>
                            <SchmeNm>
                                <Cd>CHID</Cd>
                            </SchmeNm>
                            <Issr>CNCIP</Issr>
                        </Othr>
                    </OrgId>
                </Id>
                <CtryOfRes>CN</CtryOfRes>
            </InitgPty>
            <Dbtr>
                <Nm>付款方</Nm>
                <PstlAdr>
                    <Dept>Dept5</Dept>
                    <SubDept>SubDept5</SubDept>
                    <StrtNm>Street Name5</StrtNm>
                    <BldgNb>No 5</BldgNb>
                    <BldgNm>Bld Name5</BldgNm>
                    <Flr>25F</Flr>
                    <PstBx>Box 5</PstBx>
                    <Room>105</Room>
                    <PstCd>200005</PstCd>
                    <TwnNm>Shanghai</TwnNm>
                    <DstrctNm>地区</DstrctNm>
                    <CtrySubDvsn>上海市</CtrySubDvsn>
                    <Ctry>CN</Ctry>
                    <AdrLine>自由地址</AdrLine>
                </PstlAdr>
                <Id>
                    <OrgId>
                        <AnyBIC>INGBROBUXXX</AnyBIC>
                        <LEI>5493002CHU7EB2FBNI02</LEI>
                        <Othr>
                            <Id>RO000000002</Id>
                            <SchmeNm>
                                <Cd>CHID</Cd>
                            </SchmeNm>
                            <Issr>CNCIP</Issr>
                        </Othr>
                    </OrgId>
                </Id>
                <CtryOfRes>CN</CtryOfRes>
            </Dbtr>
            <DbtrAcct>
                <Id>
                    <Othr>
                        <Id>account5</Id>
                    </Othr>
                </Id>
                <Tp>
                    <Prtry>Pay1</Prtry>
                </Tp>
                <Ccy>CNY</Ccy>
                <Nm>付款账户</Nm>
                <Prxy>
                    <Tp>
                        <Cd>CINC</Cd>
                    </Tp>
                    <Id>INGBROBUXXX02</Id>
                </Prxy>
            </DbtrAcct>
            <DbtrAgt>
                <FinInstnId>
                    <BICFI>MYMBGB5LXXX</BICFI>
                    <ClrSysMmbId>
                        <ClrSysId>
                            <Cd>CNCIP</Cd>
                        </ClrSysId>
                        <MmbId>GB000000005</MmbId>
                    </ClrSysMmbId>
                    <LEI>5493002CHU7EB2FBNI05</LEI>
                    <Nm>付款人开户行</Nm>
                    <PstlAdr>
                        <Dept>Dept5</Dept>
                        <SubDept>SubDept5</SubDept>
                        <StrtNm>Street Name5</StrtNm>
                        <BldgNb>No 5</BldgNb>
                        <BldgNm>Bld Name5</BldgNm>
                        <Flr>25F</Flr>
                        <PstBx>Box 5</PstBx>
                        <Room>105</Room>
                        <PstCd>200005</PstCd>
                        <TwnNm>Shanghai</TwnNm>
                        <DstrctNm>地区</DstrctNm>
                        <CtrySubDvsn>上海市</CtrySubDvsn>
                        <Ctry>CN</Ctry>
                        <AdrLine>自由地址</AdrLine>
                    </PstlAdr>
                </FinInstnId>
            </DbtrAgt>
            <DbtrAgtAcct>
                <Id>
                    <Othr>
                        <Id>account6</Id>
                    </Othr>
                </Id>
                <Tp>
                    <Prtry>Pay1</Prtry>
                </Tp>
                <Ccy>CNY</Ccy>
                <Nm>付款账户</Nm>
                <Prxy>
                    <Tp>
                        <Cd>CINC</Cd>
                    </Tp>
                    <Id>INGBROBUXXX05</Id>
                </Prxy>
            </DbtrAgtAcct>
            <CdtrAgt>
                <FinInstnId>
                    <BICFI>GEBABEBBXXX</BICFI>
                    <ClrSysMmbId>
                        <ClrSysId>
                            <Cd>CNCIP</Cd>
                        </ClrSysId>
                        <MmbId>BE000000009</MmbId>
                    </ClrSysMmbId>
                    <LEI>5493002CHU7EB2FBNI09</LEI>
                    <Nm>收款人开户行</Nm>
                    <PstlAdr>
                        <Dept>Dept5</Dept>
                        <SubDept>SubDept5</SubDept>
                        <StrtNm>Street Name5</StrtNm>
                        <BldgNb>No 5</BldgNb>
                        <BldgNm>Bld Name5</BldgNm>
                        <Flr>25F</Flr>
                        <PstBx>Box 5</PstBx>
                        <Room>105</Room>
                        <PstCd>200005</PstCd>
                        <TwnNm>Shanghai</TwnNm>
                        <DstrctNm>地区</DstrctNm>
                        <CtrySubDvsn>上海市</CtrySubDvsn>
                        <Ctry>CN</Ctry>
                        <AdrLine>自由地址</AdrLine>
                    </PstlAdr>
                </FinInstnId>
            </CdtrAgt>
            <CdtrAgtAcct>
                <Id>
                    <Othr>
                        <Id>account7</Id>
                    </Othr>
                </Id>
                <Tp>
                    <Prtry>Pay2</Prtry>
                </Tp>
                <Ccy>CNY</Ccy>
                <Nm>收款账户</Nm>
                <Prxy>
                    <Tp>
                        <Cd>CINC</Cd>
                    </Tp>
                    <Id>CMBCCNBSXXX02</Id>
                </Prxy>
            </CdtrAgtAcct>
            <Cdtr>
                <Nm>收款方</Nm>
                <PstlAdr>
                    <Dept>Dept5</Dept>
                    <SubDept>SubDept5</SubDept>
                    <StrtNm>Street Name5</StrtNm>
                    <BldgNb>No 5</BldgNb>
                    <BldgNm>Bld Name5</BldgNm>
                    <Flr>25F</Flr>
                    <PstBx>Box 5</PstBx>
                    <Room>105</Room>
                    <PstCd>200005</PstCd>
                    <TwnNm>Shanghai</TwnNm>
                    <DstrctNm>地区</DstrctNm>
                    <CtrySubDvsn>上海市</CtrySubDvsn>
                    <Ctry>CN</Ctry>
                    <AdrLine>自由地址</AdrLine>
                </PstlAdr>
                <Id>
                    <OrgId>
                        <AnyBIC>GEBABEBBXXX</AnyBIC>
                        <LEI>5493002CHU7EB2FBNI09</LEI>
                        <Othr>
                            <Id>BE00000009</Id>
                            <SchmeNm>
                                <Cd>CHID</Cd>
                            </SchmeNm>
                            <Issr>CNCIP</Issr>
                        </Othr>
                    </OrgId>
                </Id>
                <CtryOfRes>CN</CtryOfRes>
            </Cdtr>
            <CdtrAcct>
                <Id>
                    <Othr>
                        <Id>account8</Id>
                    </Othr>
                </Id>
                <Tp>
                    <Prtry>Pay2</Prtry>
                </Tp>
                <Ccy>CNY</Ccy>
                <Nm>收款账户</Nm>
                <Prxy>
                    <Tp>
                        <Cd>CINC</Cd>
                    </Tp>
                    <Id>CMBCCNBSXXX02</Id>
                </Prxy>
            </CdtrAcct>
            <UltmtCdtr>
                <Nm>收款方</Nm>
                <PstlAdr>
                    <Dept>Dept5</Dept>
                    <SubDept>SubDept5</SubDept>
                    <StrtNm>Street Name5</StrtNm>
                    <BldgNb>No 5</BldgNb>
                    <BldgNm>Bld Name5</BldgNm>
                    <Flr>25F</Flr>
                    <PstBx>Box 5</PstBx>
                    <Room>105</Room>
                    <PstCd>200005</PstCd>
                    <TwnNm>Shanghai</TwnNm>
                    <DstrctNm>地区</DstrctNm>
                    <CtrySubDvsn>上海市</CtrySubDvsn>
                    <Ctry>CN</Ctry>
                    <AdrLine>自由地址</AdrLine>
                </PstlAdr>
                <Id>
                    <OrgId>
                        <AnyBIC>PCBCCNSHXXX</AnyBIC>
                        <LEI>5493002CHU7EB2FBNI16</LEI>
                        <Othr>
                            <Id>CN0000000016</Id>
                            <SchmeNm>
                                <Cd>CHID</Cd>
                            </SchmeNm>
                            <Issr>CNCIP</Issr>
                        </Othr>
                    </OrgId>
                </Id>
                <CtryOfRes>CN</CtryOfRes>
            </UltmtCdtr>
            <InstrForCdtrAgt>
                <InstrInf>instruction1</InstrInf>
            </InstrForCdtrAgt>
            <InstrForNxtAgt>
                <InstrInf>instruction2</InstrInf>
            </InstrForNxtAgt>
            <Purp>
                <Cd>INTP</Cd>
            </Purp>
            <RgltryRptg>
                <DbtCdtRptgInd>DEBT</DbtCdtRptgInd>
                <Authrty>
                    <Nm>PBOC</Nm>
                    <Ctry>CN</Ctry>
                </Authrty>
                <Dtls>
                    <Tp>Type</Tp>
                    <Dt>2020-05-01</Dt>
                    <Ctry>CN</Ctry>
                    <Cd>Code1</Cd>
                    <Amt Ccy="CNY">1.00</Amt>
                    <Inf>Info</Inf>
                </Dtls>
            </RgltryRptg>
            <RmtInf>
                <Ustrd>附言</Ustrd>
            </RmtInf>
        </CdtTrfTxInf>
        <CdtTrfTxInf>
            <PmtId>
                <InstrId>2020070100000002</InstrId>
                <EndToEndId>pacs008EndToEndId-002</EndToEndId>
                <TxId>2020070100000002</TxId>
                <UETR>7a562c67-ca16-48ba-b074-65581be6f002</UETR>
                <ClrSysRef>C0210db486e0e54475081987af48bda8951</ClrSysRef>
            </PmtId>
            <PmtTpInf>
                <SvcLvl>
                    <Cd>LVL2</Cd>
                </SvcLvl>
                <CtgyPurp>
                    <Prtry>GODX</Prtry>
                </CtgyPurp>
            </PmtTpInf>
            <IntrBkSttlmAmt Ccy="CNY">591635.30</IntrBkSttlmAmt>
            <IntrBkSttlmDt>2020-10-20</IntrBkSttlmDt>
            <SttlmPrty>NORM</SttlmPrty>
            <InstdAmt Ccy="CNY">591636.30</InstdAmt>
            <ChrgBr>DEBT</ChrgBr>
            <ChrgsInf>
                <Amt Ccy="CNY">1.00</Amt>
                <Agt>
                    <FinInstnId>
                        <BICFI>MYMBGB1LXXX</BICFI>
                        <ClrSysMmbId>
                            <ClrSysId>
                                <Cd>CNCIP</Cd>
                            </ClrSysId>
                            <MmbId>GB000000001</MmbId>
                        </ClrSysMmbId>
                        <LEI>5493002CHU7EB2FBNI01</LEI>
                        <Nm>样例名称1</Nm>
                        <PstlAdr>
                            <Dept>Dept1</Dept>
                            <SubDept>SubDept1</SubDept>
                            <StrtNm>Street Name1</StrtNm>
                            <BldgNb>No 1</BldgNb>
                            <BldgNm>Bld Name1</BldgNm>
                            <Flr>20F</Flr>
                            <PstBx>Box 1</PstBx>
                            <Room>101</Room>
                            <PstCd>200000</PstCd>
                            <TwnNm>Shanghai</TwnNm>
                            <DstrctNm>地区</DstrctNm>
                            <CtrySubDvsn>上海市</CtrySubDvsn>
                            <Ctry>CN</Ctry>
                            <AdrLine>自由地址</AdrLine>
                        </PstlAdr>
                    </FinInstnId>
                </Agt>
                <Tp>
                    <Cd>COMM</Cd>
                </Tp>
            </ChrgsInf>
            <PrvsInstgAgt1>
                <FinInstnId>
                    <BICFI>MYMBGB2LXXX</BICFI>
                    <ClrSysMmbId>
                        <ClrSysId>
                            <Cd>CNCIP</Cd>
                        </ClrSysId>
                        <MmbId>GB000000002</MmbId>
                    </ClrSysMmbId>
                    <LEI>5493002CHU7EB2FBNI02</LEI>
                    <Nm>样例名称1</Nm>
                    <PstlAdr>
                        <Dept>Dept1</Dept>
                        <SubDept>SubDept1</SubDept>
                        <StrtNm>Street Name1</StrtNm>
                        <BldgNb>No 1</BldgNb>
                        <BldgNm>Bld Name1</BldgNm>
                        <Flr>20F</Flr>
                        <PstBx>Box 1</PstBx>
                        <Room>101</Room>
                        <PstCd>200000</PstCd>
                        <TwnNm>Shanghai</TwnNm>
                        <DstrctNm>地区</DstrctNm>
                        <CtrySubDvsn>上海市</CtrySubDvsn>
                        <Ctry>CN</Ctry>
                        <AdrLine>自由地址</AdrLine>
                    </PstlAdr>
                </FinInstnId>
            </PrvsInstgAgt1>
            <PrvsInstgAgt1Acct>
                <Id>
                    <Othr>
                        <Id>account1</Id>
                    </Othr>
                </Id>
                <Tp>
                    <Prtry>Pay</Prtry>
                </Tp>
                <Ccy>HKD</Ccy>
                <Nm>前序付款账户</Nm>
                <Prxy>
                    <Tp>
                        <Cd>CINC</Cd>
                    </Tp>
                    <Id>Id1</Id>
                </Prxy>
            </PrvsInstgAgt1Acct>
            <PrvsInstgAgt2>
                <FinInstnId>
                    <BICFI>MYMBGB3LXXX</BICFI>
                    <ClrSysMmbId>
                        <ClrSysId>
                            <Prtry>CNCIP</Prtry>
                        </ClrSysId>
                        <MmbId>GB000000003</MmbId>
                    </ClrSysMmbId>
                    <LEI>5493002CHU7EB2FBNI03</LEI>
                    <Nm>样例名称2</Nm>
                    <PstlAdr>
                        <Dept>Dept2</Dept>
                        <SubDept>SubDept2</SubDept>
                        <StrtNm>Street Name2</StrtNm>
                        <BldgNb>No 2</BldgNb>
                        <BldgNm>Bld Name2</BldgNm>
                        <Flr>21F</Flr>
                        <PstBx>Box 2</PstBx>
                        <Room>102</Room>
                        <PstCd>200001</PstCd>
                        <TwnNm>Shanghai</TwnNm>
                        <DstrctNm>地区</DstrctNm>
                        <CtrySubDvsn>上海市</CtrySubDvsn>
                        <Ctry>CN</Ctry>
                        <AdrLine>自由地址</AdrLine>
                    </PstlAdr>
                </FinInstnId>
            </PrvsInstgAgt2>
            <PrvsInstgAgt2Acct>
                <Id>
                    <Othr>
                        <Id>account2</Id>
                        <SchmeNm>
                            <Cd>BBAN</Cd>
                        </SchmeNm>
                        <Issr>CIPS</Issr>
                    </Othr>
                </Id>
                <Tp>
                    <Prtry>Pay</Prtry>
                </Tp>
                <Ccy>HKD</Ccy>
                <Nm>付款账户</Nm>
                <Prxy>
                    <Tp>
                        <Cd>CINC</Cd>
                    </Tp>
                    <Id>Id2</Id>
                </Prxy>
            </PrvsInstgAgt2Acct>
            <PrvsInstgAgt3>
                <FinInstnId>
                    <BICFI>MYMBGB4LXXX</BICFI>
                    <ClrSysMmbId>
                        <ClrSysId>
                            <Prtry>CNCIP</Prtry>
                        </ClrSysId>
                        <MmbId>GB000000004</MmbId>
                    </ClrSysMmbId>
                    <LEI>5493002CHU7EB2FBNI04</LEI>
                    <Nm>样例名称3</Nm>
                    <PstlAdr>
                        <Dept>Dept3</Dept>
                        <SubDept>SubDept3</SubDept>
                        <StrtNm>Street Name3</StrtNm>
                        <BldgNb>No 3</BldgNb>
                        <BldgNm>Bld Name3</BldgNm>
                        <Flr>21F</Flr>
                        <PstBx>Box 3</PstBx>
                        <Room>103</Room>
                        <PstCd>200002</PstCd>
                        <TwnNm>Shanghai</TwnNm>
                        <DstrctNm>地区</DstrctNm>
                        <CtrySubDvsn>上海市</CtrySubDvsn>
                        <Ctry>CN</Ctry>
                        <AdrLine>自由地址</AdrLine>
                    </PstlAdr>
                    <Othr>
                        <Id>MYMBGB4LXXX</Id>
                        <SchmeNm>
                            <Prtry>CIPSIDP</Prtry>
                        </SchmeNm>
                    </Othr>
                </FinInstnId>
            </PrvsInstgAgt3>
            <PrvsInstgAgt3Acct>
                <Id>
                    <Othr>
                        <Id>account2</Id>
                        <SchmeNm>
                            <Cd>BBAN</Cd>
                        </SchmeNm>
                        <Issr>CIPS</Issr>
                    </Othr>
                </Id>
                <Tp>
                    <Prtry>Pay</Prtry>
                </Tp>
                <Ccy>HKD</Ccy>
                <Nm>付款账户</Nm>
                <Prxy>
                    <Tp>
                        <Prtry>CINC</Prtry>
                    </Tp>
                    <Id>Id2</Id>
                </Prxy>
            </PrvsInstgAgt3Acct>
            <InstgAgt>
                <FinInstnId>
                    <BICFI>MYMBGB5LXXX</BICFI>
                    <ClrSysMmbId>
                        <ClrSysId>
                            <Prtry>CNCIP</Prtry>
                        </ClrSysId>
                        <MmbId>GB000000005</MmbId>
                    </ClrSysMmbId>
                    <LEI>5493002CHU7EB2FBNI05</LEI>
                </FinInstnId>
            </InstgAgt>
            <InstdAgt>
                <FinInstnId>
                    <BICFI>INGBROBUXXX</BICFI>
                    <ClrSysMmbId>
                        <ClrSysId>
                            <Prtry>CNCIP</Prtry>
                        </ClrSysId>
                        <MmbId>RO000000006</MmbId>
                    </ClrSysMmbId>
                    <LEI>5493002CHU7EB2FBNI06</LEI>
                </FinInstnId>
            </InstdAgt>
            <IntrmyAgt1>
                <FinInstnId>
                    <BICFI>RZBRROBUXXX</BICFI>
                    <ClrSysMmbId>
                        <ClrSysId>
                            <Cd>CNCIP</Cd>
                        </ClrSysId>
                        <MmbId>RO000000001</MmbId>
                    </ClrSysMmbId>
                    <LEI>5493002CHU7EB2FBNI01</LEI>
                    <Nm>中介机构1</Nm>
                    <PstlAdr>
                        <Dept>Dept1</Dept>
                        <SubDept>SubDept1</SubDept>
                        <StrtNm>Street Name1</StrtNm>
                        <BldgNb>No 1</BldgNb>
                        <BldgNm>Bld Name1</BldgNm>
                        <Flr>20F</Flr>
                        <PstBx>Box 1</PstBx>
                        <Room>101</Room>
                        <PstCd>200000</PstCd>
                        <TwnNm>Shanghai</TwnNm>
                        <DstrctNm>地区</DstrctNm>
                        <CtrySubDvsn>上海市</CtrySubDvsn>
                        <Ctry>CN</Ctry>
                        <AdrLine>自由地址</AdrLine>
                    </PstlAdr>
                    <Othr>
                        <Id>MYMBGB3LXXX</Id>
                        <SchmeNm>
                            <Prtry>CIPSIDP</Prtry>
                        </SchmeNm>
                    </Othr>
                </FinInstnId>
            </IntrmyAgt1>
            <IntrmyAgt1Acct>
                <Id>
                    <Othr>
                        <Id>account2</Id>
                    </Othr>
                </Id>
                <Tp>
                    <Prtry>Pay</Prtry>
                </Tp>
                <Ccy>CNY</Ccy>
                <Nm>付款账户</Nm>
                <Prxy>
                    <Tp>
                        <Cd>CINC</Cd>
                    </Tp>
                    <Id>Id1</Id>
                </Prxy>
            </IntrmyAgt1Acct>
            <IntrmyAgt2>
                <FinInstnId>
                    <BICFI>RZBRROBUXXX</BICFI>
                    <ClrSysMmbId>
                        <ClrSysId>
                            <Cd>CNCIP</Cd>
                        </ClrSysId>
                        <MmbId>RO000000001</MmbId>
                    </ClrSysMmbId>
                    <LEI>5493002CHU7EB2FBNI12</LEI>
                    <Nm>中介机构2</Nm>
                    <PstlAdr>
                        <Dept>Dept2</Dept>
                        <SubDept>SubDept2</SubDept>
                        <StrtNm>Street Name2</StrtNm>
                        <BldgNb>No 2</BldgNb>
                        <BldgNm>Bld Name2</BldgNm>
                        <Flr>22F</Flr>
                        <PstBx>Box 2</PstBx>
                        <Room>102</Room>
                        <PstCd>200002</PstCd>
                        <TwnNm>Shanghai</TwnNm>
                        <DstrctNm>地区</DstrctNm>
                        <CtrySubDvsn>上海市</CtrySubDvsn>
                        <Ctry>CN</Ctry>
                        <AdrLine>自由地址</AdrLine>
                    </PstlAdr>
                </FinInstnId>
            </IntrmyAgt2>
            <IntrmyAgt2Acct>
                <Id>
                    <Othr>
                        <Id>account3</Id>
                    </Othr>
                </Id>
                <Tp>
                    <Prtry>Pay</Prtry>
                </Tp>
                <Ccy>CNY</Ccy>
                <Nm>付款账户2</Nm>
                <Prxy>
                    <Tp>
                        <Cd>CINC</Cd>
                    </Tp>
                    <Id>Id1</Id>
                </Prxy>
            </IntrmyAgt2Acct>
            <IntrmyAgt3>
                <FinInstnId>
                    <BICFI>RZBRROBUXXX</BICFI>
                    <ClrSysMmbId>
                        <ClrSysId>
                            <Cd>CNCIP</Cd>
                        </ClrSysId>
                        <MmbId>RO000000001</MmbId>
                    </ClrSysMmbId>
                    <LEI>5493002CHU7EB2FBNI01</LEI>
                    <Nm>中介机构名称3</Nm>
                    <PstlAdr>
                        <Dept>Dept3</Dept>
                        <SubDept>SubDept3</SubDept>
                        <StrtNm>Street Name3</StrtNm>
                        <BldgNb>No 3</BldgNb>
                        <BldgNm>Bld Name3</BldgNm>
                        <Flr>23F</Flr>
                        <PstBx>Box 3</PstBx>
                        <Room>103</Room>
                        <PstCd>200003</PstCd>
                        <TwnNm>Shanghai</TwnNm>
                        <DstrctNm>地区</DstrctNm>
                        <CtrySubDvsn>上海市</CtrySubDvsn>
                        <Ctry>CN</Ctry>
                        <AdrLine>自由地址</AdrLine>
                    </PstlAdr>
                </FinInstnId>
            </IntrmyAgt3>
            <IntrmyAgt3Acct>
                <Id>
                    <Othr>
                        <Id>account4</Id>
                    </Othr>
                </Id>
                <Tp>
                    <Prtry>Pay</Prtry>
                </Tp>
                <Ccy>CNY</Ccy>
                <Nm>付款账户</Nm>
                <Prxy>
                    <Tp>
                        <Cd>CINC</Cd>
                    </Tp>
                    <Id>Id1</Id>
                </Prxy>
            </IntrmyAgt3Acct>
            <UltmtDbtr>
                <Nm>付款方</Nm>
                <PstlAdr>
                    <Dept>Dept5</Dept>
                    <SubDept>SubDept5</SubDept>
                    <StrtNm>Street Name5</StrtNm>
                    <BldgNb>No 5</BldgNb>
                    <BldgNm>Bld Name5</BldgNm>
                    <Flr>25F</Flr>
                    <PstBx>Box 5</PstBx>
                    <Room>105</Room>
                    <PstCd>200005</PstCd>
                    <TwnNm>Shanghai</TwnNm>
                    <DstrctNm>地区</DstrctNm>
                    <CtrySubDvsn>上海市</CtrySubDvsn>
                    <Ctry>CN</Ctry>
                    <AdrLine>自由地址</AdrLine>
                </PstlAdr>
                <Id>
                    <OrgId>
                        <AnyBIC>PCBCCNSHXXX</AnyBIC>
                        <LEI>5493002CHU7EB2FBNI16</LEI>
                        <Othr>
                            <Id>CN0000000016</Id>
                            <SchmeNm>
                                <Cd>CHID</Cd>
                            </SchmeNm>
                            <Issr>CNCIP</Issr>
                        </Othr>
                    </OrgId>
                </Id>
                <CtryOfRes>CN</CtryOfRes>
            </UltmtDbtr>
            <InitgPty>
                <Nm>付款方</Nm>
                <PstlAdr>
                    <Dept>Dept5</Dept>
                    <SubDept>SubDept5</SubDept>
                    <StrtNm>Street Name5</StrtNm>
                    <BldgNb>No 5</BldgNb>
                    <BldgNm>Bld Name5</BldgNm>
                    <Flr>25F</Flr>
                    <PstBx>Box 5</PstBx>
                    <Room>105</Room>
                    <PstCd>200005</PstCd>
                    <TwnNm>Shanghai</TwnNm>
                    <DstrctNm>地区</DstrctNm>
                    <CtrySubDvsn>上海市</CtrySubDvsn>
                    <Ctry>CN</Ctry>
                    <AdrLine>自由地址</AdrLine>
                </PstlAdr>
                <Id>
                    <OrgId>
                        <AnyBIC>PCBCCNSHXXX</AnyBIC>
                        <LEI>5493002CHU7EB2FBNI16</LEI>
                        <Othr>
                            <Id>CN0000000016</Id>
                            <SchmeNm>
                                <Cd>CHID</Cd>
                            </SchmeNm>
                            <Issr>CNCIP</Issr>
                        </Othr>
                    </OrgId>
                </Id>
                <CtryOfRes>CN</CtryOfRes>
            </InitgPty>
            <Dbtr>
                <Nm>付款方</Nm>
                <PstlAdr>
                    <Dept>Dept5</Dept>
                    <SubDept>SubDept5</SubDept>
                    <StrtNm>Street Name5</StrtNm>
                    <BldgNb>No 5</BldgNb>
                    <BldgNm>Bld Name5</BldgNm>
                    <Flr>25F</Flr>
                    <PstBx>Box 5</PstBx>
                    <Room>105</Room>
                    <PstCd>200005</PstCd>
                    <TwnNm>Shanghai</TwnNm>
                    <DstrctNm>地区</DstrctNm>
                    <CtrySubDvsn>上海市</CtrySubDvsn>
                    <Ctry>CN</Ctry>
                    <AdrLine>自由地址</AdrLine>
                </PstlAdr>
                <Id>
                    <OrgId>
                        <AnyBIC>INGBROBUXXX</AnyBIC>
                        <LEI>5493002CHU7EB2FBNI02</LEI>
                        <Othr>
                            <Id>RO000000002</Id>
                            <SchmeNm>
                                <Cd>CHID</Cd>
                            </SchmeNm>
                            <Issr>CNCIP</Issr>
                        </Othr>
                    </OrgId>
                </Id>
                <CtryOfRes>CN</CtryOfRes>
            </Dbtr>
            <DbtrAcct>
                <Id>
                    <Othr>
                        <Id>account5</Id>
                    </Othr>
                </Id>
                <Tp>
                    <Prtry>Pay1</Prtry>
                </Tp>
                <Ccy>CNY</Ccy>
                <Nm>付款账户</Nm>
                <Prxy>
                    <Tp>
                        <Cd>CINC</Cd>
                    </Tp>
                    <Id>INGBROBUXXX02</Id>
                </Prxy>
            </DbtrAcct>
            <DbtrAgt>
                <FinInstnId>
                    <BICFI>MYMBGB5LXXX</BICFI>
                    <ClrSysMmbId>
                        <ClrSysId>
                            <Cd>CNCIP</Cd>
                        </ClrSysId>
                        <MmbId>GB000000005</MmbId>
                    </ClrSysMmbId>
                    <LEI>5493002CHU7EB2FBNI05</LEI>
                    <Nm>付款人开户行</Nm>
                    <PstlAdr>
                        <Dept>Dept10</Dept>
                        <SubDept>SubDept10</SubDept>
                        <StrtNm>Street Name10</StrtNm>
                        <BldgNb>No 10</BldgNb>
                        <BldgNm>Bld Name10</BldgNm>
                        <Flr>25F</Flr>
                        <PstBx>Box 10</PstBx>
                        <Room>110</Room>
                        <PstCd>200010</PstCd>
                        <TwnNm>Shanghai</TwnNm>
                        <DstrctNm>地区</DstrctNm>
                        <CtrySubDvsn>上海市</CtrySubDvsn>
                        <Ctry>CN</Ctry>
                        <AdrLine>自由地址</AdrLine>
                    </PstlAdr>
                </FinInstnId>
            </DbtrAgt>
            <DbtrAgtAcct>
                <Id>
                    <Othr>
                        <Id>account6</Id>
                    </Othr>
                </Id>
                <Tp>
                    <Prtry>Pay1</Prtry>
                </Tp>
                <Ccy>CNY</Ccy>
                <Nm>付款账户</Nm>
                <Prxy>
                    <Tp>
                        <Cd>CINC</Cd>
                    </Tp>
                    <Id>INGBROBUXXX05</Id>
                </Prxy>
            </DbtrAgtAcct>
            <CdtrAgt>
                <FinInstnId>
                    <BICFI>GEBABEBBXXX</BICFI>
                    <ClrSysMmbId>
                        <ClrSysId>
                            <Cd>CNCIP</Cd>
                        </ClrSysId>
                        <MmbId>BE000000009</MmbId>
                    </ClrSysMmbId>
                    <LEI>5493002CHU7EB2FBNI09</LEI>
                    <Nm>收款人开户行</Nm>
                    <PstlAdr>
                        <Dept>Dept5</Dept>
                        <SubDept>SubDept5</SubDept>
                        <StrtNm>Street Name5</StrtNm>
                        <BldgNb>No 5</BldgNb>
                        <BldgNm>Bld Name5</BldgNm>
                        <Flr>25F</Flr>
                        <PstBx>Box 5</PstBx>
                        <Room>105</Room>
                        <PstCd>200005</PstCd>
                        <TwnNm>Shanghai</TwnNm>
                        <DstrctNm>地区</DstrctNm>
                        <CtrySubDvsn>上海市</CtrySubDvsn>
                        <Ctry>CN</Ctry>
                        <AdrLine>自由地址</AdrLine>
                    </PstlAdr>
                </FinInstnId>
            </CdtrAgt>
            <CdtrAgtAcct>
                <Id>
                    <Othr>
                        <Id>account7</Id>
                    </Othr>
                </Id>
                <Tp>
                    <Prtry>Pay2</Prtry>
                </Tp>
                <Ccy>CNY</Ccy>
                <Nm>收款账户</Nm>
                <Prxy>
                    <Tp>
                        <Cd>CINC</Cd>
                    </Tp>
                    <Id>CMBCCNBSXXX02</Id>
                </Prxy>
            </CdtrAgtAcct>
            <Cdtr>
                <Nm>收款方</Nm>
                <PstlAdr>
                    <Dept>Dept5</Dept>
                    <SubDept>SubDept5</SubDept>
                    <StrtNm>Street Name5</StrtNm>
                    <BldgNb>No 5</BldgNb>
                    <BldgNm>Bld Name5</BldgNm>
                    <Flr>25F</Flr>
                    <PstBx>Box 5</PstBx>
                    <Room>105</Room>
                    <PstCd>200005</PstCd>
                    <TwnNm>Shanghai</TwnNm>
                    <DstrctNm>地区</DstrctNm>
                    <CtrySubDvsn>上海市</CtrySubDvsn>
                    <Ctry>CN</Ctry>
                    <AdrLine>自由地址</AdrLine>
                </PstlAdr>
                <Id>
                    <OrgId>
                        <AnyBIC>GEBABEBBXXX</AnyBIC>
                        <LEI>5493002CHU7EB2FBNI09</LEI>
                        <Othr>
                            <Id>BE00000009</Id>
                            <SchmeNm>
                                <Cd>CHID</Cd>
                            </SchmeNm>
                            <Issr>CNCIP</Issr>
                        </Othr>
                    </OrgId>
                </Id>
                <CtryOfRes>CN</CtryOfRes>
            </Cdtr>
            <CdtrAcct>
                <Id>
                    <Othr>
                        <Id>account8</Id>
                    </Othr>
                </Id>
                <Tp>
                    <Prtry>Pay2</Prtry>
                </Tp>
                <Ccy>CNY</Ccy>
                <Nm>收款账户</Nm>
                <Prxy>
                    <Tp>
                        <Cd>CINC</Cd>
                    </Tp>
                    <Id>CMBCCNBSXXX02</Id>
                </Prxy>
            </CdtrAcct>
            <UltmtCdtr>
                <Nm>收款方</Nm>
                <PstlAdr>
                    <Dept>Dept5</Dept>
                    <SubDept>SubDept5</SubDept>
                    <StrtNm>Street Name5</StrtNm>
                    <BldgNb>No 5</BldgNb>
                    <BldgNm>Bld Name5</BldgNm>
                    <Flr>25F</Flr>
                    <PstBx>Box 5</PstBx>
                    <Room>105</Room>
                    <PstCd>200005</PstCd>
                    <TwnNm>Shanghai</TwnNm>
                    <DstrctNm>地区</DstrctNm>
                    <CtrySubDvsn>上海市</CtrySubDvsn>
                    <Ctry>CN</Ctry>
                    <AdrLine>自由地址</AdrLine>
                </PstlAdr>
                <Id>
                    <OrgId>
                        <AnyBIC>PCBCCNSHXXX</AnyBIC>
                        <LEI>5493002CHU7EB2FBNI16</LEI>
                        <Othr>
                            <Id>CN0000000016</Id>
                            <SchmeNm>
                                <Cd>CHID</Cd>
                            </SchmeNm>
                            <Issr>CNCIP</Issr>
                        </Othr>
                    </OrgId>
                </Id>
                <CtryOfRes>CN</CtryOfRes>
            </UltmtCdtr>
            <InstrForCdtrAgt>
                <InstrInf>instruction1</InstrInf>
            </InstrForCdtrAgt>
            <InstrForNxtAgt>
                <InstrInf>instruction2</InstrInf>
            </InstrForNxtAgt>
            <Purp>
                <Cd>GDDS</Cd>
            </Purp>
            <RgltryRptg>
                <DbtCdtRptgInd>DEBT</DbtCdtRptgInd>
                <Authrty>
                    <Nm>PBOC</Nm>
                    <Ctry>CN</Ctry>
                </Authrty>
                <Dtls>
                    <Tp>Type</Tp>
                    <Dt>2020-05-01</Dt>
                    <Ctry>CN</Ctry>
                    <Cd>Code1</Cd>
                    <Amt Ccy="CNY">1.00</Amt>
                    <Inf>Info</Inf>
                </Dtls>
            </RgltryRptg>
            <RmtInf>
                <Ustrd>附言</Ustrd>
            </RmtInf>
        </CdtTrfTxInf>
    </FIToFICstmrCdtTrf>
</Document>		